@book{duda2001pattern,
	title={Pattern classification},
	author={Duda, Richard O and Hart, Peter E and Stork, David G},
	year={2001},
	publisher={John Wiley \& Sons}
}
@book{chapelle2006semi,
	title={Semi-supervised learning},
	author={Chapelle, Olivier and Sch{\"o}lkopf, Bernhard and Zien, Alexander and others},
	volume={2},
	year={2006},
	publisher={MIT press Cambridge}
}
@article{hall2009weka,
	title={The WEKA data mining software: an update},
	author={Hall, Mark and Frank, Eibe and Holmes, Geoffrey and Pfahringer, Bernhard and Reutemann, Peter and Witten, Ian H},
	journal={ACM SIGKDD Explorations Newsletter},
	volume={11},
	number={1},
	pages={10--18},
	year={2009},
	publisher={ACM}
}
@article{estes2007fields,
	title={Fields virology},
	author={Estes, MK and Kapikian, AZ and Knipe, DM and Howley, PM},
	journal={Philadelphia, PA: Lippencott, Williams and Wilkins},
	year={2007}
}
@article{banerjee2013high,
	title={High-Content Analysis of Sequential Events during the Early Phase of Influenza A Virus Infection},
	author={Banerjee, Indranil and Yamauchi, Yohei and Helenius, Ari and Horvath, Peter},
	journal={PLOS ONE},
	volume={8},
	number={7},
	pages={e68450},
	year={2013},
	publisher={Public Library of Science}
}
@article{carpenter2006cellprofiler,
	title={CellProfiler: image analysis software for identifying and quantifying cell phenotypes},
	author={Carpenter, Anne E and Jones, Thouis R and Lamprecht, Michael R and Clarke, Colin and Kang, In H and Friman, Ola and Guertin, David A and Chang, Joo H and Lindquist, Robert A and Moffat, Jason and others},
	journal={Genome biology},
	volume={7},
	number={10},
	pages={R100},
	year={2006},
	publisher={BioMed Central Ltd}
}
@Article{Hunter:2007,
	Author    = {Hunter, J. D.},
	Title     = {Matplotlib: A 2D graphics environment},
	Journal   = {Computing In Science \& Engineering},
	Volume    = {9},
	Number    = {3},
	Pages     = {90--95},
	publisher = {IEEE COMPUTER SOC},
	year      = 2007
}
